
@article{Luszczek2009,
	Author = {Luszczek, Piotr},
	Journal = {Int. J. High Perform. Comput. Appl.},
	Month = aug,
	Number = {3},
	Pages = {277--283},
	Title = {Parallel Programming in MATLAB},
	Volume = {23},
	Year = {2009}}
