

@techreport{ChapelOverviewJan13,
	Author = {Bradford L. Chamberlain},
	Institution = {Cray pre-print},
	Month = {January},
	Title = {A Brief Overview of Chapel},
	Year = {2013}}
