

@article{Nickolls2010,
	Author = {Nickolls, John and Dally, William J.},
	Journal = {IEEE Micro},
	Month = mar,
	Number = {2},
	Pages = {56--69},
	Title = {The GPU Computing Era},
	Volume = {30},
	Year = {2010}}


@article{Mittal2014,
	Author = {Mittal, Sparsh},
	Journal = {Int. J. High Perform. Comput. Netw.},
	Month = jun,
	Number = {4},
	Pages = {292--298},
	Title = {A Study of Successive Over-relaxation Method Parallelisation over Modern HPC Languages},
	Volume = {7},
	Year = {2014}}
